<record><leader>00000cas a2200000 a 4500</leader><controlfield tag="001">32804437</controlfield><controlfield tag="007">hd bfu---buca</controlfield><controlfield tag="008">950712d18621869kyudn nea     0    0eng c</controlfield><datafield ind1=" " ind2=" " tag="010"><subfield code="a">sn 95031810 </subfield></datafield><datafield ind1=" " ind2=" " tag="040"><subfield code="a">HLS</subfield><subfield code="b">eng</subfield><subfield code="c">HLS</subfield><subfield code="d">HUL</subfield><subfield code="d">OCL</subfield><subfield code="d">OCLCQ</subfield><subfield code="d">OCLCF</subfield><subfield code="d">OCLCO</subfield></datafield><datafield ind1=" " ind2=" " tag="012"><subfield code="i">9508</subfield></datafield><datafield ind1=" " ind2=" " tag="042"><subfield code="a">pcc</subfield></datafield><datafield ind1=" " ind2=" " tag="043"><subfield code="a">n-us-ky</subfield></datafield><datafield ind1="0" ind2=" " tag="130"><subfield code="a">Louisville daily Democrat (Louisville, Ky. : 1862)</subfield></datafield><datafield ind1="1" ind2="0" tag="245"><subfield code="a">Louisville daily Democrat</subfield><subfield code="h">[microform].</subfield></datafield><datafield ind1="1" ind2="3" tag="246"><subfield code="a">Daily Democrat</subfield></datafield><datafield ind1="1" ind2="3" tag="246"><subfield code="a">Daily Louisville Democrat</subfield></datafield><datafield ind1=" " ind2=" " tag="260"><subfield code="a">Louisville, Ky. :</subfield><subfield code="b">Harney, Hughes &amp; Co.</subfield></datafield><datafield ind1=" " ind2=" " tag="300"><subfield code="a">v. :</subfield><subfield code="b">ill. ;</subfield><subfield code="c">64 cm.</subfield></datafield><datafield ind1=" " ind2=" " tag="310"><subfield code="a">Daily (except Sunday)</subfield></datafield><datafield ind1="1" ind2=" " tag="362"><subfield code="a">Began with: Vol. 18, no. 146 (Jan. 9, 1862); ceased with: v. 25, no. 250 (Apr. 17, 1869).</subfield></datafield><datafield ind1=" " ind2=" " tag="500"><subfield code="a">Published as: Daily Louisville Democrat, Jan. 28-31, 1862.</subfield></datafield><datafield ind1=" " ind2=" " tag="500"><subfield code="a">Publishers: Hatcher &amp; Perrin, &lt;1868&gt;.</subfield></datafield><datafield ind1=" " ind2=" " tag="580"><subfield code="a">Other eds.: Weekly Louisville Democrat, and: Weekly dollar Democrat, 1862-&lt;&gt;.</subfield></datafield><datafield ind1=" " ind2=" " tag="588"><subfield code="a">Description based on: Vol. 19, no. 56 (Oct. 24, 1862).</subfield></datafield><datafield ind1=" " ind2=" " tag="588"><subfield code="a">Latest issue consulted: Vol. 24, no. 285 (June 4, 1868).</subfield></datafield><datafield ind1=" " ind2=" " tag="533"><subfield code="a">Microfilm.</subfield><subfield code="b">Frankfort, Ky. :</subfield><subfield code="c">Kentucky Historical Society,</subfield><subfield code="d">1974-1981.</subfield><subfield code="e">1 microfilm reel ; 35 mm.</subfield></datafield><datafield ind1=" " ind2="0" tag="651"><subfield code="a">Jefferson County (Ky.)</subfield><subfield code="v">Newspapers.</subfield></datafield><datafield ind1=" " ind2="0" tag="651"><subfield code="a">Louisville (Ky.)</subfield><subfield code="v">Newspapers.</subfield></datafield><datafield ind1=" " ind2="7" tag="655"><subfield code="a">Newspapers.</subfield><subfield code="2">fast</subfield><subfield code="0">(OCoLC)fst01423814</subfield></datafield><datafield ind1=" " ind2="7" tag="651"><subfield code="a">Kentucky</subfield><subfield code="z">Jefferson County.</subfield><subfield code="2">fast</subfield><subfield code="0">(OCoLC)fst01205464</subfield></datafield><datafield ind1=" " ind2="7" tag="651"><subfield code="a">Kentucky</subfield><subfield code="z">Louisville.</subfield><subfield code="2">fast</subfield><subfield code="0">(OCoLC)fst01204602</subfield></datafield><datafield ind1=" " ind2=" " tag="752"><subfield code="a">United States</subfield><subfield code="b">Kentucky</subfield><subfield code="c">Jefferson</subfield><subfield code="d">Louisville.</subfield></datafield><datafield ind1="1" ind2=" " tag="775"><subfield code="t">Weekly Louisville Democrat</subfield></datafield><datafield ind1="1" ind2=" " tag="775"><subfield code="t">Weekly dollar Democrat</subfield></datafield><datafield ind1="0" ind2="0" tag="780"><subfield code="t">Daily Louisville Democrat</subfield><subfield code="w">(DLC)sn 95031809</subfield><subfield code="w">(OCoLC)32803897</subfield></datafield><datafield ind1="0" ind2="0" tag="785"><subfield code="t">Louisville daily express (Louisville, Ky. : 1869)</subfield></datafield><datafield ind1=" " ind2=" " tag="850"><subfield code="a">MH</subfield></datafield></record>